@misc{SSA2024,
  author       = {{Social Security Administration}},
  year         = {2024},
  title        = {Social Security Program Rules and National Average Wage Index},
  url          = {https://www.ssa.gov/oact/cola/awidevelop.html},
  note         = {Accessed: 2025-09-04}
}

@misc{SSATrustees2024,
  author       = {{Social Security Administration}},
  year         = {2024},
  title        = {2024 Annual Trustees Report},
  url          = {https://www.ssa.gov/oact/tr/},
  note         = {Accessed: 2025-09-04}
}

@techreport{CRS2021,
  author       = {{Congressional Research Service}},
  year         = {2021},
  title        = {The Social Security Taxable Maximum},
  institution  = {Congressional Research Service},
  url          = {https://crsreports.congress.gov/product/pdf/R/RL32896},
  note         = {Accessed: 2025-09-04}
}

@techreport{CBO2015,
  author       = {{Congressional Budget Office}},
  year         = {2015},
  title        = {Social Security Policy Options},
  institution  = {Congressional Budget Office},
  url          = {https://www.cbo.gov/publication/44346},
  note         = {Accessed: 2025-09-04}
}

@misc{PGPF2025,
  author       = {{Peter G. Peterson Foundation}},
  year         = {2025},
  title        = {Policy Options for Strengthening Social Security},
  url          = {https://www.pgpf.org},
  note         = {Accessed: 2025-09-04}
}

@article{Bagchi2017,
  author       = {Bagchi, Shantanu},
  year         = {2017},
  title        = {Can Removing the Tax Cap Save Social Security?},
  journal      = {The B.E. Journal of Macroeconomics},
  volume       = {17},
  number       = {1},
  pages        = {1--29},
  publisher    = {De Gruyter}
}



@techreport{Heritage2005,
  author      = {{Heritage Foundation}},
  year        = {2005},
  title       = {Raising Social Security's Taxable Maximum: Uneven Impact and Unanswered Questions},
  institution = {The Heritage Foundation},
  url         = {https://www.heritage.org/social-security/report/raising-social-securitys-taxable-maximum-uneven-impact-and-unanswered-questions},
  note        = {Accessed: 2025-09-04}
}

@misc{Manhattan2024,
  author = {{Manhattan Institute}},
  year   = {2024},
  title  = {Social Security Reform Options and Their Economic Consequences},
  url    = {https://manhattan-institute.org},
  note   = {Accessed: 2025-09-04}
}
