@article{Chamley1986,
  author  = {Christophe Chamley},
  title   = {Optimal Taxation of Capital Income in General Equilibrium with Infinite Lives},
  journal = {Econometrica},
  volume  = {54},
  number  = {3},
  pages   = {607--622},
  year    = {1986}
}

@article{Judd1985,
  author  = {Kenneth L. Judd},
  title   = {Redistributive Taxation in a Simple Perfect Foresight Model},
  journal = {Journal of Public Economics},
  volume  = {28},
  number  = {1},
  pages   = {59--83},
  year    = {1985}
}

@article{AtkinsonStiglitz1976,
  author  = {Anthony B. Atkinson and Joseph E. Stiglitz},
  title   = {The Design of Tax Structure: Direct versus Indirect Taxation},
  journal = {Journal of Public Economics},
  volume  = {6},
  number  = {1--2},
  pages   = {55--75},
  year    = {1976}
}

@article{GuerreiroRebeloTeles2022,
  author  = {Jo{\~a}o Guerreiro and Sergio Rebelo and Pedro Teles},
  title   = {Should Robots Be Taxed?},
  journal = {Review of Economic Studies},
  volume  = {89},
  number  = {1},
  pages   = {179--213},
  year    = {2022}
}

@article{Thummel2023,
  author  = {Konstantin Th{\"u}mmel},
  title   = {Optimal Taxation of Robots},
  journal = {Journal of the European Economic Association},
  volume  = {21},
  number  = {5},
  pages   = {1611--1652},
  year    = {2023}
}

@unpublished{CostinotWerning2022,
  author  = {Arnaud Costinot and Iv{\'a}n Werning},
  title   = {Robots, Trade, and Luddism: A Sufficient Statistic Approach to Optimal Technology Regulation},
  note    = {Working Paper},
  year    = {2022},
  institution = {MIT}
}

@techreport{KorinekStiglitz2018,
  author      = {Anton Korinek and Joseph E. Stiglitz},
  title       = {Artificial Intelligence and Its Implications for Income Distribution and Unemployment},
  institution = {NBER Working Paper 24174},
  year        = {2018}
}

@incollection{KorinekStiglitz2021,
  author    = {Anton Korinek and Joseph E. Stiglitz},
  title     = {Steering Technological Progress},
  booktitle = {Handbook of Industrial Organization, Volume 5},
  publisher = {Elsevier},
  year      = {2021}
}

@techreport{SaezStantcheva2016,
  author      = {Emmanuel Saez and Stefanie Stantcheva},
  title       = {A Simpler Theory of Optimal Capital Taxation},
  institution = {NBER Working Paper 22664},
  year        = {2016}
}

@techreport{BastaniWaldenstrom2024,
  author      = {Spencer Bastani and Daniel Waldenstr{\"o}m},
  title       = {Taxation of Automation and Artificial Intelligence: A Survey of the Policy Debate},
  institution = {IZA Policy Paper No. 200},
  year        = {2024}
}
