@book{Wilson1987,
  author    = {William Julius Wilson},
  title     = {The Truly Disadvantaged: The Inner City, the Underclass, and Public Policy},
  year      = {1987},
  publisher = {University of Chicago Press}
}

@book{Murray1994,
  author    = {Charles Murray},
  title     = {Losing Ground: American Social Policy, 1950--1980},
  year      = {1994},
  publisher = {Basic Books}
}

@book{EdinKefalas2005,
  author    = {Kathryn Edin and Maria Kefalas},
  title     = {Promises I Can Keep: Why Poor Women Put Motherhood Before Marriage},
  year      = {2005},
  publisher = {University of California Press}
}

@article{Cherlin2004,
  author  = {Andrew J. Cherlin},
  title   = {The Deinstitutionalization of American Marriage},
  journal = {Journal of Marriage and Family},
  volume  = {66},
  number  = {4},
  pages   = {848--861},
  year    = {2004}
}

@article{Autor2019,
  author  = {David Autor and David Dorn and Gordon Hanson},
  title   = {When Work Disappears: Manufacturing Decline and the Falling Marriage-Market Value of Young Men},
  journal = {American Economic Review: Insights},
  volume  = {1},
  number  = {2},
  pages   = {161--178},
  year    = {2019}
}

@article{RosenzweigStark1989,
  author  = {Mark Rosenzweig and Oded Stark},
  title   = {Consumption Smoothing, Migration, and Marriage: Evidence from Rural India},
  journal = {Journal of Political Economy},
  volume  = {97},
  number  = {4},
  pages   = {905--926},
  year    = {1989}
}

@article{Townsend1994,
  author  = {Robert Townsend},
  title   = {Risk and Insurance in Village India},
  journal = {Econometrica},
  volume  = {62},
  number  = {3},
  pages   = {539--591},
  year    = {1994}
}

@article{Steiner2011,
  author  = {Viktor Steiner and Katharina Wrohlich},
  title   = {Household Taxation, Income Splitting and Labor Supply Incentives: A Microsimulation Study for Germany},
  journal = {CESifo Economic Studies},
  volume  = {57},
  number  = {2},
  pages   = {297--323},
  year    = {2011}
}

@article{DoepkeKindermann2019,
  author  = {Matthias Doepke and Fabian Kindermann},
  title   = {Bargaining over Babies: Theory, Evidence, and Policy Implications},
  journal = {American Economic Review},
  volume  = {109},
  number  = {9},
  pages   = {3264--3306},
  year    = {2019}
}

@article{DoepkeTertilt2016,
  author  = {Matthias Doepke and Mich{\`e}le Tertilt},
  title   = {Families in Macroeconomics},
  journal = {Handbook of Macroeconomics},
  volume  = {2A},
  pages   = {1789--1891},
  year    = {2016},
  publisher = {Elsevier}
}

@article{BloomCanningFink2010,
  author  = {David Bloom and David Canning and G{\"u}nther Fink},
  title   = {Implications of Population Aging for Economic Growth},
  journal = {Oxford Review of Economic Policy},
  volume  = {26},
  number  = {4},
  pages   = {583--612},
  year    = {2010}
}

@article{Glaeser2007,
  author  = {Edward Glaeser and Jesse Shapiro},
  title   = {The Marriage Market and the Rise of Divorce},
  journal = {Journal of Political Economy},
  volume  = {115},
  number  = {6},
  pages   = {1126--1157},
  year    = {2007}
}

@article{Lesthaeghe2010,
  author  = {Ron Lesthaeghe},
  title   = {The Unfolding Story of the Second Demographic Transition},
  journal = {Population and Development Review},
  volume  = {36},
  number  = {2},
  pages   = {211--251},
  year    = {2010}
}

@article{EllwoodJencks2004,
  author  = {David Ellwood and Christopher Jencks},
  title   = {The Uneven Spread of Single-Parent Families: What Do We Know? Where Do We Look for Answers?},
  journal = {Social Inequality},
  pages   = {3--77},
  year    = {2004},
  publisher = {Russell Sage Foundation}
}



@article{GarciaHeckman2023,
  author  = {Jorge Luis Garc{\'i}a and James J. Heckman},
  title   = {Parenting Promotes Social Mobility Within and Across Generations},
  journal = {Annual Review of Economics},
  volume  = {15},
  pages   = {355--392},
  year    = {2023},
  doi     = {10.1146/annurev-economics-081322-102242},
  url     = {https://doi.org/10.1146/annurev-economics-081322-102242}
}