@book{Wilson1987,
  author    = {William Julius Wilson},
  title     = {The Truly Disadvantaged: The Inner City, the Underclass, and Public Policy},
  year      = {1987},
  publisher = {University of Chicago Press}
}

@book{Murray1994,
  author    = {Charles Murray},
  title     = {Losing Ground: American Social Policy, 1950--1980},
  year      = {1994},
  publisher = {Basic Books}
}

@book{EdinKefalas2005,
  author    = {Kathryn Edin and Maria Kefalas},
  title     = {Promises I Can Keep: Why Poor Women Put Motherhood Before Marriage},
  year      = {2005},
  publisher = {University of California Press}
}

@article{Cherlin2004,
  author    = {Andrew J. Cherlin},
  title     = {The Deinstitutionalization of American Marriage},
  journal   = {Journal of Marriage and Family},
  year      = {2004},
  volume    = {66},
  number    = {4},
  pages     = {848--861}
}

@article{Autor2019,
  author    = {David Autor and David Dorn and Gordon Hanson},
  title     = {When Work Disappears: Manufacturing Decline and the Falling Marriage Market Value of Men},
  journal   = {American Economic Review},
  year      = {2019},
  volume    = {109},
  number    = {12},
  pages     = {3665--3703}
}

@article{GouldPaserman2003,
  author    = {Eric D. Gould and M. Daniele Paserman},
  title     = {Waiting for Mr. Right? Rising Inequality and Declining Marriage Rates},
  journal   = {Journal of Urban Economics},
  year      = {2003},
  volume    = {53},
  number    = {2},
  pages     = {257--281}
}

@article{LundbergPollak2007,
  author    = {Shelly Lundberg and Robert A. Pollak},
  title     = {The American Family and Family Economics},
  journal   = {Journal of Economic Perspectives},
  year      = {2007},
  volume    = {21},
  number    = {2},
  pages     = {3--26}
}

@article{BlauKahnWaldfogel2013,
  author    = {Francine D. Blau and Lawrence M. Kahn and Jane Waldfogel},
  title     = {Understanding Young Women's Marriage Decisions: The Role of Labor and Marriage Markets},
  journal   = {Journal of Labor Economics},
  year      = {2013},
  volume    = {31},
  number    = {1},
  pages     = {199--227}
}

@techreport{GarciaHeckman2023,
  author    = {Jorge Luis Garcia and James J. Heckman},
  title     = {Early Childhood and Human Capital: The Family as an Inequality Mechanism},
  institution = {National Bureau of Economic Research},
  type      = {Working Paper},
  number    = {31845},
  year      = {2023}
}

@article{RosenzweigStark1989,
  author    = {Mark R. Rosenzweig and Oded Stark},
  title     = {Consumption Smoothing, Migration, and Marriage: Evidence from Rural India},
  journal   = {Journal of Political Economy},
  year      = {1989},
  volume    = {97},
  number    = {4},
  pages     = {905--926}
}

@article{Townsend1994,
  author    = {Robert M. Townsend},
  title     = {Risk and Insurance in Village India},
  journal   = {Econometrica},
  year      = {1994},
  volume    = {62},
  number    = {3},
  pages     = {539--591}
}

@article{EissaHoynes2004,
  author    = {Nada Eissa and Hilary W. Hoynes},
  title     = {Taxes and the Labor Market Participation of Married Couples: The Earned Income Tax Credit},
  journal   = {Journal of Public Economics},
  year      = {2004},
  volume    = {88},
  number    = {9--10},
  pages     = {1931--1958}
}

@article{EllwoodJencks2004,
  author    = {David T. Ellwood and Christopher Jencks},
  title     = {The Spread of Single-Parent Families in the United States Since 1960},
  journal   = {The Future of Children},
  year      = {2004},
  volume    = {15},
  number    = {2},
  pages     = {25--50}
}

@article{Steiner2011,
  author    = {Viktor Steiner and Katharina Wrohlich},
  title     = {Household Taxation, Income Splitting, and Labor Supply Incentives: A Microsimulation Study for Germany},
  journal   = {CESifo Economic Studies},
  year      = {2011},
  volume    = {57},
  number    = {2},
  pages     = {297--324}
}

@article{DoepkeKindermann2019,
  author    = {Matthias Doepke and Fabian Kindermann},
  title     = {Bargaining over Babies: Theory, Evidence, and Policy Implications},
  journal   = {American Economic Review},
  year      = {2019},
  volume    = {109},
  number    = {9},
  pages     = {3264--3306}
}

@article{GreenwoodSeshadriYorukoglu2005,
  author    = {Jeremy Greenwood and Ananth Seshadri and Mehmet Yorukoglu},
  title     = {Engines of Liberation},
  journal   = {Review of Economic Studies},
  year      = {2005},
  volume    = {72},
  number    = {1},
  pages     = {109--133}
}

@article{GreenwoodGunerVandenbroucke2016,
  author    = {Jeremy Greenwood and Nezih Guner and Guillaume Vandenbroucke},
  title     = {Family Economics Writ Large},
  journal   = {Journal of Economic Literature},
  year      = {2016},
  volume    = {54},
  number    = {4},
  pages     = {987--1048}
}

@article{Lesthaeghe2010,
  author    = {Ron Lesthaeghe},
  title     = {The Unfolding Story of the Second Demographic Transition},
  journal   = {Population and Development Review},
  year      = {2010},
  volume    = {36},
  number    = {2},
  pages     = {211--251}
}

@article{Lesthaeghe2014,
  author    = {Ron Lesthaeghe},
  title     = {The Second Demographic Transition: A Concise Overview of Its Development},
  journal   = {Proceedings of the National Academy of Sciences (PNAS)},
  year      = {2014},
  volume    = {111},
  number    = {51},
  pages     = {18112--18115}
}

@article{GlaeserSacerdote2007,
  author    = {Edward L. Glaeser and Bruce Sacerdote},
  title     = {Why Is There More Crime in Cities?},
  journal   = {Journal of Political Economy},
  year      = {2007},
  volume    = {107},
  number    = {6},
  pages     = {S225--S258}
}

@article{McLanahanPercheski2008,
  author    = {Sara McLanahan and Christine Percheski},
  title     = {Family Structure and the Reproduction of Inequalities},
  journal   = {Annual Review of Sociology},
  year      = {2008},
  volume    = {34},
  pages     = {257--276}
}


@article{Hoynes2015,
  author    = {Hilary W. Hoynes},
  title     = {The Earned Income Tax Credit: A Key Policy to Support Families and Work},
  journal   = {Brookings Papers on Economic Activity},
  year      = {2015},
  pages     = {1--25}
}

@article{Michelmore2018,
  author    = {Katherine Michelmore},
  title     = {The Effect of Income on Marriage: Evidence from the Earned Income Tax Credit},
  journal   = {Review of Economics of the Household},
  year      = {2018},
  volume    = {16},
  number    = {2},
  pages     = {377--410}
}